<record><leader>00000cas a2200000 a 4500</leader><controlfield tag="001">10454107</controlfield><controlfield tag="007">hd afv---baca</controlfield><controlfield tag="007">hd bfv---baaa</controlfield><controlfield tag="007">hd bfv---baba</controlfield><controlfield tag="008">840224d18291912nyuwr nea     0    0eng c</controlfield><datafield ind1=" " ind2=" " tag="010"><subfield code="a">sn 98016195 </subfield></datafield><datafield ind1=" " ind2=" " tag="040"><subfield code="a">VYN</subfield><subfield code="b">eng</subfield><subfield code="c">VYN</subfield><subfield code="d">ATL</subfield><subfield code="d">OCL</subfield><subfield code="d">OCLCQ</subfield><subfield code="d">OCLCF</subfield><subfield code="d">OCLCO</subfield></datafield><datafield ind1="1" ind2=" " tag="029"><subfield code="a">AU@</subfield><subfield code="b">000006447107</subfield></datafield><datafield ind1=" " ind2=" " tag="042"><subfield code="a">pcc</subfield></datafield><datafield ind1=" " ind2=" " tag="043"><subfield code="a">n-us-ny</subfield></datafield><datafield ind1="1" ind2="4" tag="050"><subfield code="a">BX8901</subfield></datafield><datafield ind1="0" ind2=" " tag="130"><subfield code="a">New-York observer (New York, N.Y. : 1829)</subfield></datafield><datafield ind1="1" ind2="0" tag="245"><subfield code="a">New-York observer</subfield><subfield code="h">[microform].</subfield></datafield><datafield ind1="1" ind2="3" tag="246"><subfield code="a">Observer</subfield></datafield><datafield ind1=" " ind2=" " tag="260"><subfield code="a">New York :</subfield><subfield code="b">Morse, Hallock, &amp; Co.,</subfield><subfield code="c">1829-1912.</subfield></datafield><datafield ind1=" " ind2=" " tag="300"><subfield code="a">84 v.</subfield></datafield><datafield ind1=" " ind2=" " tag="310"><subfield code="a">Weekly</subfield></datafield><datafield ind1="0" ind2=" " tag="362"><subfield code="a">Vol. 7, no. 1 (Jan. 3, 1829)-v. 90, no. 22 (May 30, 1912) = whole no. 295-whole no. 4647.</subfield></datafield><datafield ind1=" " ind2=" " tag="500"><subfield code="a">From 1851 to Dec. 6, 1888 inclusive, issued in 2 parts: Religious department and Secular department. Cf. National union catalog, pre-1956 imprints.</subfield></datafield><datafield ind1=" " ind2=" " tag="533"><subfield code="a">Microfilm.</subfield><subfield code="m">v. 7-40 (1829-1862)</subfield><subfield code="b">Evanston, Ill. :</subfield><subfield code="c">American Theological Library Association,</subfield><subfield code="d">1967.</subfield><subfield code="e">21 microfilm reels ; 35 mm.</subfield><subfield code="f">(ATLA serials preservation program ; ATLA film S0126D).</subfield></datafield><datafield ind1=" " ind2="0" tag="650"><subfield code="a">Presbyterian Church</subfield><subfield code="v">Newspapers.</subfield></datafield><datafield ind1=" " ind2="0" tag="651"><subfield code="a">New York (N.Y.)</subfield><subfield code="v">Newspapers.</subfield></datafield><datafield ind1=" " ind2="7" tag="655"><subfield code="a">Newspapers.</subfield><subfield code="2">fast</subfield><subfield code="0">(OCoLC)fst01423814</subfield></datafield><datafield ind1=" " ind2="7" tag="650"><subfield code="a">Presbyterian Church.</subfield><subfield code="2">fast</subfield><subfield code="0">(OCoLC)fst01075515</subfield></datafield><datafield ind1=" " ind2="7" tag="651"><subfield code="a">New York (State)</subfield><subfield code="z">New York.</subfield><subfield code="2">fast</subfield><subfield code="0">(OCoLC)fst01204333</subfield></datafield><datafield ind1=" " ind2=" " tag="752"><subfield code="a">United States</subfield><subfield code="b">New York</subfield><subfield code="c">New York</subfield><subfield code="d">New York.</subfield></datafield><datafield ind1="1" ind2=" " tag="776"><subfield code="c">Original</subfield><subfield code="w">(DLC)sn 87099999</subfield><subfield code="w">(OCoLC)2414416</subfield></datafield><datafield ind1="0" ind2="0" tag="780"><subfield code="t">New-York observer, and religious chronicle</subfield><subfield code="w">(DLC)sn 98016194</subfield><subfield code="w">(OCoLC)10454006</subfield></datafield><datafield ind1="0" ind2="4" tag="785"><subfield code="t">Christian work and the evangelist</subfield><subfield code="w">(DLC)sn 96016110</subfield><subfield code="w">(OCoLC)36141649</subfield></datafield><datafield ind1=" " ind2="0" tag="830"><subfield code="a">ATLA serials preservation program ;</subfield><subfield code="v">ATLA film S0126D.</subfield></datafield></record>